\begin{thebibliography}
@PhdThesis{mixed,
author = {Lu, Xiang},
title = {Handling incomplete high-dimesional multivariate longitudinal data with mixed data types by multiple imputation using a longitudinal factor analysis model},
school = {University of California, os Angeles},
year = {2016},
OPTaddress = {Los Angeles, California}
}
@PhdThesis{health,
author = {Welch, Catherine},
title = {Implementation, evaluation and application of multiple imputation for missing data in longitudinal electronic healt record research},
school = {University of London},
year = {2015},
OPTaddress = {London, United Kingdom},
OPTmonth = {Marzo}
}

@Article{dengue,
author = {R\'ua Uribe, Guillermo and Su\'arez-Acosta, Carolina and Chauca, Jos\'e and Ventosilla, Palmira and Almanza, Rita},
title = {Modelado del efecto de la variabilidad clim\'atica local sobre la transmisi\'on de dengue en Medell\'in (Colombia) mediante an\'alisis de series temporales},
journal = {Biom\'edica},
year = {2013},
OPTvolume = {33},
OPTnumber = {1},
OPTpages = {142-152}
}
@Book{fay,
ALTauthor = {Fayyad, U. and Piatetsky-shapiro, G. and Smyth, P.},
ALTeditor = {AAAI Press},
title = {Advances in knowledge discovery and data mining},
publisher = {MIT Press},
year = {1996},
OPTaddress = {Menlo Park}
}

@Article{latreia,
author = {Le\'on, Alba and Jaimes, Fabi\'an},
title = {Ronda cl\'inica y epidemiol\'ogica. An\'alisis de datos longitudinales},
journal = {Latreia},
year = {2015},
OPTvolume = {28},
OPTnumber = {3},
OPTpages = {332-340},
OPTmonth = {Julio-Septiembre}
}

@Article{tuberculosis,
author = {Mu\~noz, M. Pilar and Orcau, Angels and Cayl\`{a}, Joan},
title = {Tuberculosis en Barcelona: M\'odelo predictivo basado en series temporales},
journal = {Revista Espa\~nola de Salud P\'ublica},
year = {2009},
OPTvolume = {83},
OPTnumber = {5},
OPTpages = {751-757},
OPTmonth = {Septiembre-Octubre}
}
@PhdThesis{hiv,
author = {Tran, Linh Mai},
title = {Comparative causal effect estimation and robust variance for longitudinal data structures with applications to observational HIV treatment},
school = {University of California, Berkeley},
year = {2016},
OPTaddress = {California}
}

@PhdThesis{ramduth,
author = {Ramduth, D.},
title = {Characterization od CD4+ and CD8+ T cell responses in HIV-1 C-clade infection},
school = {Nelson Mandela school od Medicine, University of KwaZulu-Natal},
year = {2011}
}
@TechReport{narrative,
author = {Republica Bolivariana de Venezuela},
title = {Informe nacional de avances e la implementaci\'on de la declaraci\'on de compromisos sobre VIH/SIDA (2001) y la declaraci\'on pol\'itica sobre el VIH/SIDA (2011)},
institution = {Programa Nacional SIDA/ITS del Ministerio del Poder popular para la Salud},
year = {2014},
OPTmonth = {Marzo}

}
@Article{alerta,
author = {Oleta, Jos\'e Felix and Godoy, Oswaldo  and Carvajal, Ana },
title = {Alerta epidemiol\'ogica N-241, algunos aspectos epidemil\'ogicos del VIH/SIDA en Venezuela},
journal = {Red de sociedades cient\'ificas m\'edicas venezolanas},
year = {2012},
OPTmonth = {Agosto}
}


@Manual{bcs,
title = {Diagn\'ostico sobre VIH/SIDA en Baja California Sur},
OPTkey = {•},
OPTauthor = {Cuevas, D. L. and Rebolledo, R. F.},
OPTorganization = {Observatorio de violencia social y de g\'enero de Baja California Sur},
OPTyear = {2009}
}

@PhdThesis{zhang,
author = {Zhang, Bo},
title = {inear mixed models},
school = {University of Minnesota},
year = {2009}
}


@Manual{mpps,
title = {Gu\'ia de tratamiento antiretroviral de las personas que viven con el VIH/SIDA en Venezuela},
OPTauthor = {Ministerio del Poder Popular para la salud},
OPTorganization = {Programa Nacional de S\'indrome de inmunodeficiendia adquirida e infecciones de transmisi\'on sexual (PNSIDA/ITS)},
OPTaddress = {Caracas, Venezuela},
OPTedition = {Quinta Edici\'on},
OPTmonth = {Marzo},
OPTyear = {2014}
}

@Book{arias,
ALTauthor = {Arias, F},
ALTeditor = {Editorial Episteme},
title = {El proyecto de investigaci\'on. Introducci\'on a la metodolog\'ia cient\'ifica},
year = {2012},
OPTaddress = {Caracas, Venezuela},
OPTedition = {Sexta Edici\'on}
}

@Book{barranco,
ALTauthor = {Barranco, J},
title = {Metodolog\'ia del an\'alisis estructurado de sistemas},
publisher = {Universidad Pontificia Comillas},
year = {2001},
OPTaddress = {Madrid, España},
OPTedition = {Segunda Edici\'on}
}

@Book{belle,
ALTauthor = {Belle, G. and Fisher, Ll. and Heagerty, P. and Lumley, T.},
title = {Biostatistics. A methodology for the health sciences},
year = {2004},
OPTaddress = {Usa},
OPTedition = {Segunda edici\'on}
}
@Article{delgado,
author = {Delgado, M. and Llorca, J.},
title = {Estudios longitudinales: concepto y particularidades},
journal = {Revista Española de salud P\'ublica},
year = {2004},
OPTvolume = {78},
OPTnumber = {2},
OPTpages = {141-148},
OPTmonth = {Marzo-Abril}
}
@TechReport{oms,
author = {Organizaci\'on Panamericana de la Salud},
title = {Definici\'on de la OMS de caso de infecci\'on por el VIH a efectos de vigilancia y revisi\'on de la estadificaci\'on cl\'inica y de la clasificaci\'on inmunol\'ogica de la enfermedad relacionada con el VIH en adultos y niños},
institution = {Organizacion Mundial de la Salud},
year = {2009},
OPTaddress = {Washington, D.C. Usa}
}

@Book{pallela,
ALTauthor = {Pallela, S. and Martins, F.},
ALTeditor = {Fondo Editorial de la Universidad Experimental Libertador},
title = {Metodolog\'ia de la investigaci\'on cuantitativa},
publisher = {Fondo Editorial de la Universidad Experimental Libertador},
year = {2012},
OPTaddress = {Caracas, Venezuela}
}




\end{thebibliography}